@techreport{RFC5416,
  author = {P. Calhoun and M. Montemurro and D. Stanley},
  title = {Control and Provisioning of Wireless Access Points (CAPWAP) Protocol Binding for IEEE 802.11},
  howpublished = {Internet Requests for Comments},
  type = {RFC},
  number = {5416},
  year = {2009},
  month = {March},
  issn = {2070-1721},
  publisher = {IETF},
  institution = {IETF}
}
